@misc{Feel++,
  author       = {Feel++ Consortium},
  howpublished = {\url{https://docs.feelpp.org/home/index.html}},
  title        = {Documentation}
}

@misc{ReFrame,
  author       = {ReFrame HPC},
  howpublished = {\url{https://reframe-hpc.readthedocs.io/en/stable/}},
  title        = {Documentation}
}

@misc{Asciidoctor,
  author       = {AsciiDoctor},
  howpublished = {\url{https://docs.asciidoctor.org/}},
  title        = {Documentation}
}

@misc{Antora,
  author       = {Antora},
  howpublished = {\url{https://docs.antora.org/antora/latest/}},
  title        = {Documentation}
}

@misc{Jinja2,
  author       = {Jinja2},
  howpublished = {\url{https://palletsprojects.com/p/jinja/}},
  title        = {Documentation}
}

@misc{Plotly,
  author       = {Plotly},
  howpublished = {\url{https://plotly.com/python/}},
  title        = {Documentation},
}